

@inproceedings{Kingma2014,
    author    = {Kingma, Diederik P. and Welling, Max},
    title     = {Auto-Encoding Variational Bayes},
    year      = {2014},
    month = apr,
    booktitle     = {Proceedings of the Second International Conference on Learning
        Representations (ICLR 2014)},
}

@inproceedings{gregor2015draw,
  title={DRAW: A recurrent neural network for image generation},
  author={Gregor, Karol and Danihelka, Ivo and Graves, Alex and Wierstra, Daan},
  booktitle = {Proceedings of The 32nd International Conference on Machine Learning},
  page = {1462?1471},
  year={2015}
}

@inproceedings{kulkarni2015deep,
  title={Deep Convolutional Inverse Graphics Network},
  author={Kulkarni, Tejas D and Whitney, Will and Kohli, Pushmeet and Tenenbaum, Joshua B},
  booktitle = {Neural Information Processing Systems (NIPS 2015)},
  year={2015}
}

@article{burda2015importance,
  title={Importance Weighted Autoencoders},
  author={Burda, Yuri and Grosse, Roger and Salakhutdinov, Ruslan},
  journal={arXiv preprint arXiv:1509.00519},
  year={2015}
}

@article{jaderberg2015spatial,
  title={Spatial Transformer Networks},
  author={Jaderberg, Max and Simonyan, Karen and Zisserman, Andrew and Kavukcuoglu, Koray},
  journal={arXiv preprint arXiv:1506.02025},
  year={2015}
}

@incollection{hinton2011transforming,
  title={Transforming auto-encoders},
  author={Hinton, Geoffrey E and Krizhevsky, Alex and Wang, Sida D},
  booktitle={Artificial Neural Networks and Machine Learning--ICANN 2011},
  pages={44--51},
  year={2011},
  publisher={Springer}
}

@article{cheung2014discovering,
  title={Discovering Hidden Factors of Variation in Deep Networks},
  author={Cheung, Brian and Livezey, Jesse A and Bansal, Arjun K and Olshausen, Bruno A},
  journal={arXiv preprint arXiv:1412.6583},
  year={2014}
}

@incollection{amodalKarTCM15,
author = {Abhishek Kar and 
Shubham Tulsiani and 
Jo{\~{a}}o Carreira and 
Jitendra Malik},
title = {Amodal Completion and  
Size Constancy in Natural Scenes},
booktitle = {Proceedings of the International
               Conference on Computer Vision ({ICCV})},
year = {2015},
}

@incollection{categoryShapesKar15,
author = {Abhishek Kar and 
Shubham Tulsiani and 
Jo{\~{a}}o Carreira and 
Jitendra Malik},
title = {Category-Specific Object 
Reconstruction from a Single Image},
booktitle = {Proceedings of the IEEE Conference on
               Computer Vision and Pattern Recognition ({CVPR})},
year = {2015},
}

@article{zhu2015semantic,
  title={Semantic Amodal Segmentation},
  author={Zhu, Yan and Tian, Yuandong and Mexatas, Dimitris and Doll{\'a}r, Piotr},
  journal={arXiv preprint arXiv:1509.01329},
  year={2015}
}



@inproceedings{rezende2014stochastic,
  title={Stochastic backpropagation and approximate inference in deep generative models},
  author={Rezende, Danilo Jimenez and Mohamed, Shakir and Wierstra, Daan},
  booktitle = {International Conference on Machine Learning (ICML 2015)},
  year={2014}
}

@inproceedings{kingma2014semi,
  title={Semi-supervised learning with deep generative models},
  author={Kingma, Diederik P and Mohamed, Shakir and Rezende, Danilo Jimenez and Welling, Max},
  booktitle={Advances in Neural Information Processing Systems},
  pages={3581--3589},
  year={2014}
}

@inproceedings{dosovitskiy2014learning,
  title={Learning to generate chairs with convolutional neural networks},
  author={Dosovitskiy, Alexey and Springenberg, Jost Tobias and Brox, Thomas},
  booktitle    = "IEEE International Conference on Computer Vision and Pattern Recognition (CVPR)",
  year         = "2015"
  }
  
  @article{denton2015deep,
  title={Deep Generative Image Models using a Laplacian Pyramid of Adversarial Networks},
  author={Denton, Emily and Chintala, Soumith and Szlam, Arthur and Fergus, Rob},
  journal={arXiv preprint arXiv:1506.05751},
  year={2015}
}

@inproceedings{goodfellow2014generative,
  title={Generative adversarial nets},
  author={Goodfellow, Ian and Pouget-Abadie, Jean and Mirza, Mehdi and Xu, Bing and Warde-Farley, David and Ozair, Sherjil and Courville, Aaron and Bengio, Yoshua},
  booktitle={Advances in Neural Information Processing Systems},
  pages={2672--2680},
  year={2014}
}

@article{le2011learning,
  title={Learning a generative model of images by factoring appearance and shape},
  author={Le Roux, Nicolas and Heess, Nicolas and Shotton, Jamie and Winn, John},
  journal={Neural Computation},
  volume={23},
  number={3},
  pages={593--650},
  year={2011},
  publisher={MIT Press}
}

@article{yang2012layered,
  title={Layered object models for image segmentation},
  author={Yang, Yi and Hallman, Sam and Ramanan, Deva and Fowlkes, Charless C},
  journal={Pattern Analysis and Machine Intelligence, IEEE Transactions on},
  volume={34},
  number={9},
  pages={1731--1743},
  year={2012},
  publisher={IEEE}
}


@inproceedings{gatys2015a,
  author = "L. A. Gatys and A. S. Ecker and M. Bethge",
  title = "Texture synthesis and the controlled generation of natural stimuli using convolutional neural networks",
  year = 2015,
  booktitle = "Advances in Neural Information Processing Systems 28",
  month = "May",
  url = "http://arxiv.org/abs/1505.07376"
}


@unpublished{gatys2015b,
  author = "L. A. Gatys and A. S. Ecker and M. Bethge",
  title = "A Neural Algorithm of Artistic Style",
  year = 2015,
  journal = "arXiv",
  month = "Aug",
  url = "http://arxiv.org/abs/1508.06576"
}


@inproceedings{theis2015,
  author = "L. Theis and M. Bethge",
  title = "Generative Image Modeling Using Spatial LSTMs",
  year = 2015,
  booktitle = "Advances in Neural Information Processing Systems 28",
  month = "Jun",
  url = "http://arxiv.org/abs/1506.03478"
}

@inproceedings{MacDuvAda2015hyper,
  title={Gradient-based Hyperparameter Optimization through Reversible Learning},
  author={Dougal Maclaurin and David Duvenaud and Ryan P. Adams},
  year={2015},
  month={July},
  booktitle={Proceedings of the 32nd International Conference on Machine Learning}
}

@inproceedings{krizhevsky2012imagenet,
  title={Imagenet classification with deep convolutional neural networks},
  author={Krizhevsky, Alex and Sutskever, Ilya and Hinton, Geoffrey E},
  booktitle={Advances in neural information processing systems},
  pages={1097--1105},
  year={2012}
}

@inproceedings{deng2009imagenet,
  title={Imagenet: A large-scale hierarchical image database},
  author={Deng, Jia and Dong, Wei and Socher, Richard and Li, Li-Jia and Li, Kai and Fei-Fei, Li},
  booktitle={Computer Vision and Pattern Recognition, 2009. CVPR 2009. IEEE Conference on},
  pages={248--255},
  year={2009},
  organization={IEEE}
}

@article{kannan2005generative,
  title={Generative model for layers of appearance and deformation},
  author={Kannan, Anitha and Jojic, Nebojsa and Frey, B},
  journal={AIStats? 05},
  year={2005},
  publisher={Citeseer}
}

@inproceedings{dai2013invariant,
  title={What are the invariant occlusive components of image patches? a probabilistic generative approach},
  author={Dai, Zhenwen and Exarchakis, Georgios and L{\"u}cke, J{\"o}rg},
  booktitle={Advances in Neural Information Processing Systems},
  pages={243--251},
  year={2013}
}



@article{shelton2014gp,
  title={GP-select: Accelerating EM using adaptive subspace preselection},
  author={Shelton, Jacquelyn A and Gasthaus, Jan and Dai, Zhenwen and Luecke, Joerg and Gretton, Arthur},
  journal={arXiv preprint arXiv:1412.3411},
  year={2014}
}

@article{porter1984compositing,
  title={Compositing digital images},
  author={Porter, Thomas and Duff, Tom},
  journal={ACM Siggraph Computer Graphics},
  volume={18},
  number={3},
  pages={253--259},
  year={1984},
  organization={ACM}
}

@article{lecun1998gradient,
  title={Gradient-based learning applied to document recognition},
  author={LeCun, Yann and Bottou, L{\'e}on and Bengio, Yoshua and Haffner, Patrick},
  journal={Proceedings of the IEEE},
  volume={86},
  number={11},
  pages={2278--2324},
  year={1998},
  publisher={IEEE}
}

@inproceedings{glorot2010understanding,
  title={Understanding the difficulty of training deep feedforward neural networks},
  author={Glorot, Xavier and Bengio, Yoshua},
  booktitle={International conference on artificial intelligence and statistics},
  pages={249--256},
  year={2010}
}

@inproceedings{ayer1995layered,
  title={Layered representation of motion video using robust maximum-likelihood estimation of mixture models and MDL encoding},
  author={Ayer, Serge and Sawhney, Harpreet S},
  booktitle={Computer Vision, 1995. Proceedings., Fifth International Conference on},
  pages={777--784},
  year={1995},
  organization={IEEE}
}

@article{wang1994representing,
  title={Representing moving images with layers},
  author={Wang, John YA and Adelson, Edward H},
  journal={Image Processing, IEEE Transactions on},
  volume={3},
  number={5},
  pages={625--638},
  year={1994},
  publisher={IEEE}
}





@INPROCEEDINGS{Isola2013,
  title     = "Scene Collaging: Analysis and Synthesis of Natural Images with
               Semantic Layers",
  booktitle = "ICCV",
  author    = "Isola, P and Liu, Ce",
  pages     = "3048--3055",
  month     =  dec,
  year      =  2013
}



@ARTICLE{Hochstein2002,
  title       = "View from the top: hierarchies and reverse hierarchies in the
                 visual system",
  author      = "Hochstein, Shaul and Ahissar, Merav",
  journal     = "Neuron",
  volume      =  36,
  number      =  5,
  pages       = "791--804",
  month       =  "5~" # dec,
  year        =  2002
}

@inproceedings{Kar2015,
 title = "Amodal Completion and Size Constancy in Natural Scenes",
 author = "A.  Kar and S. Tulsiani and J. Carreira and J. Malik",
 booktitle = iccv,
 year = 2015
}

@INPROCEEDINGS{Hariharan2014,
  title     = "Simultaneous Detection and Segmentation",
  booktitle = eccv,
  author    = "Hariharan, Bharath and Arbel, Pablo and Girshick, Ross and
               Malik, Jitendra",
  year      =  2014
}

@article{dempster1977maximum,
  title={Maximum likelihood from incomplete data via the EM algorithm},
  author={Dempster, Arthur P and Laird, Nan M and Rubin, Donald B},
  journal={Journal of the royal statistical society. Series B (methodological)},
  pages={1--38},
  year={1977},
  publisher={JSTOR}
}

@article{wainwright2008graphical,
  title={Graphical models, exponential families, and variational inference},
  author={Wainwright, Martin J and Jordan, Michael I},
  journal={Foundations and Trends{\textregistered} in Machine Learning},
  volume={1},
  number={1-2},
  pages={1--305},
  year={2008},
  publisher={Now Publishers Inc.}
}




